<?xml version="1.0" encoding="UTF-8"?><collection xmlns="http://www.loc.gov/MARC21/slim"><record><leader>00483nam--2200133-i-4500</leader><controlfield tag="001">000036743</controlfield><controlfield tag="002">20161230</controlfield><controlfield tag="005">20161230201041</controlfield><controlfield tag="008">060222s1000------------r-----000-0-eng-d</controlfield><datafield ind1=" " ind2=" " tag="080"><subfield code="a">551.571.7:551.521.325(043)</subfield></datafield><datafield ind1=" " ind2=" " tag="100"><subfield code="a">Poc, Marie-martine</subfield></datafield><datafield ind1=" " ind2=" " tag="245"><subfield code="a">Contribution a l`etude des donnees radiometriques acquises a bord des satellites dans la bande d`absorption de la vapeur d`eau centree autour de 6,3. these</subfield></datafield><datafield ind1=" " ind2=" " tag="260"><subfield code="a">Paris, Univ.Pierre Et Marie Curie, 1981, 285p</subfield></datafield><datafield ind1=" " ind2=" " tag="852"><subfield code="a">71085</subfield></datafield></record></collection>